<record><leader>00000cas a22000007a 4500</leader><controlfield tag="001">12335134</controlfield><controlfield tag="008">850801d18831884wiuwr ne      0    0eng d</controlfield><datafield ind1=" " ind2=" " tag="010"><subfield code="a">sn 85041085 </subfield></datafield><datafield ind1=" " ind2=" " tag="040"><subfield code="a">NPV</subfield><subfield code="b">eng</subfield><subfield code="c">NPV</subfield><subfield code="d">OCLCQ</subfield></datafield><datafield ind1=" " ind2=" " tag="042"><subfield code="a">msc</subfield></datafield><datafield ind1=" " ind2=" " tag="045"><subfield code="a">w8w8</subfield></datafield><datafield ind1=" " ind2=" " tag="052"><subfield code="a">4123</subfield><subfield code="b">R6</subfield></datafield><datafield ind1="0" ind2=" " tag="130"><subfield code="a">Beloit outlook (Beloit, Wis. : 1883)</subfield></datafield><datafield ind1="1" ind2="4" tag="245"><subfield code="a">The Beloit outlook.</subfield></datafield><datafield ind1=" " ind2=" " tag="260"><subfield code="a">Beloit, Wis. :</subfield><subfield code="b">Outlook Pub.,</subfield><subfield code="c">1883-1884.</subfield></datafield><datafield ind1=" " ind2=" " tag="300"><subfield code="a">2 v. :</subfield><subfield code="b">ill. (chiefly advertisements)</subfield></datafield><datafield ind1=" " ind2=" " tag="310"><subfield code="a">Weekly</subfield></datafield><datafield ind1="0" ind2=" " tag="362"><subfield code="a">Vol. 4, no. 1 (Feb. 23, 1883)-v. 5, no. 45 (Dec. 26, 1884).</subfield></datafield><datafield ind1=" " ind2=" " tag="500"><subfield code="a">Publisher varies.</subfield></datafield><datafield ind1=" " ind2=" " tag="500"><subfield code="a">Editor: E. Prouty, June 1-Sept. 14, 1883.--F.F. Livermore, Sept. 28, 1883-Dec. 26, 1884.</subfield></datafield><datafield ind1=" " ind2=" " tag="752"><subfield code="a">United States</subfield><subfield code="b">Wisconsin</subfield><subfield code="c">Rock</subfield><subfield code="d">Beloit.</subfield></datafield><datafield ind1="0" ind2="0" tag="780"><subfield code="t">Weekly outlook (Beloit, Wis.)</subfield><subfield code="w">(DLC)sn 85041084</subfield></datafield><datafield ind1="0" ind2="0" tag="785"><subfield code="t">Weekly Argus (Beloit, Wis.)</subfield><subfield code="w">(DLC)sn 85041086</subfield></datafield></record>